\label{ch:bibliografiaAnexos}


@misc{ wiki:latex,
    author = "Wikipedia",
    title = "LaTeX --- Wikipedia{,} La enciclopedia libre",
    year = "2015",
    url = "https://es.wikipedia.org/w/index.php?title=LaTeX&oldid=84209252",
    note = "[Internet]"
}

@misc{ GreenInHouse:repo:Maceta,
    author = "Oscar Valverde",
    title = "Green In House repositorio maceta",
    year = "2023",
    url = "https://github.com/ove1001/GreenInHouse_PlantPot"
}

@misc{ GreenInHouse:repo:AppMovil,
    author = "Oscar Valverde",
    title = "Green In House repositorio App movil",
    year = "2023",
    url = "https://github.com/ove1001/GreenInHouse_MobileApp"
}

@misc{ GreenInHouse:repo:Documentación,
    author = "Oscar Valverde",
    title = "Green In House repositorio documentación",
    year = "2023",
    url = "https://github.com/ove1001/GreenInHouse_Doc"
}

@misc{ wiki:fotosíntesis,
    author = "Wikipedia",
    title = "Fotosíntesis",
    year = "2023",
    url = "https://es.wikipedia.org/wiki/Fotos%C3%ADntesis",
    note = "[Internet]"
}

@misc{ wiki:fase_luminosa,
    author = "Wikipedia",
    title = "Fase luminosa",
    year = "2023",
    url = "https://es.wikipedia.org/wiki/Fase_luminosa",
    note = "[Internet]"
}

@misc{ wiki:fase_oscura,
    author = "Wikipedia",
    title = "Fase oscura",
    year = "2023",
    url = "https://es.wikipedia.org/wiki/Fase_oscura",
    note = "[Internet]"
}

@misc{ wiki:factores_crecimiento_planta,
    author = "Renee Miller",
    title = "Factores que influyen en el crecimiento de las plantas",
    year = "2021",
    url = "https://www.ehowenespanol.com/principales-factores-afectan-crecimiento-plantas-info_263449/",
    note = "[Internet]"
}

@misc{ info:raspberry_pi,
    author = "MCI Electronics",
    title = "Información sobre Raspberry Pi",
    year = "2023",
    url = "https://raspberrypi.cl/que-es-raspberry/",
    note = "[Internet]"
}

@misc{ download:raspbian,
    author = "MCI Electronics",
    title = "Descarga sistema operativo Raspbian",
    year = "2023",
    url = "https://www.raspberrypi.com/software/",
    note = "[Internet]"
}

@misc{wiki:bash,
    author = "Wikipedia",
    title = "Bash --- Intérprete de comandos Linux",
    year = "2023",
    url = "https://es.wikipedia.org/wiki/Python",
    note = "[Internet]"
}

@misc{wiki:python,
    author = "Wikipedia",
    title = "Python --- Lenguaje de programación de alto nivel",
    year = "2023",
    url = "https://es.wikipedia.org/wiki/Python",
    note = "[Internet]"
}

@misc{wiki:flutter,
    author = "Google I/O",
    title = "Guia oficial de desarrollo Flutter --- Framework de programación de Apps multiplataforma",
    year = "2023",
    url = "https://esflutter.dev/docs/get-started/codelab",
    note = "[Internet]"
}

@misc{wiki:dart,
    author = "Google I/O",
    title = "Dart --- Lenguaje de programación de Flutter",
    year = "2023",
    url = "https://dart.dev/guides",
    note = "[Internet]"
}

@misc{wiki:api_rest,
    author = "Seobility",
    title = "API REST --- Compartición sencilla de recursos por red",
    year = "2023",
    url = "https://www.seobility.net/es/wiki/API_REST",
    note = "[Internet]"
}

@misc{wiki:patrones_de_diseño,
    author = "Junta de Andalucía",
    title = "Patrones de diseño",
    year = "2023",
    url = "https://www.juntadeandalucia.es/servicios/madeja/contenido/recurso/13",
    note = "[Internet]"
}

@misc{wiki:scrum,
    author = "Performance",
    title = "Metodología Scrum",
    year = "2023",
    url = "https://performanze.io/metodologia-scrum-que-es-como-funciona/",
    note = "[Internet]"
}

@misc{wiki:venv,
    author = "Python Software Foundation",
    title = "venv --- Entorno virtual Python",
    year = "2023",
    url = "https://docs.python.org/es/3.8/library/venv.html",
    note = "[Internet]"
}

@misc{wiki:sqlalchemy,
    author = "SQLAlchemy",
    title = "SQLAlchemy --- Sistema gestor de base de datos para Python",
    year = "2023",
    url = "https://www.sqlalchemy.org/",
    note = "[Internet]"
}

@misc{wiki:openapi,
    author = "OpenApi",
    title = "OpenApi --- Swager de Api-Rest para Python",
    year = "2023",
    url = "https://swagger.io/specification/",
    note = "[Internet]"
}

@misc{wiki:tkinter,
    author = "Python Software Foundation",
    title = "TKinter --- Desarrollo de applicaciones con entorno grafico para Python",
    year = "2023",
    url = "https://docs.python.org/es/3/library/tkinter.html",
    note = "[Internet]"
}

@misc{ wiki:adafruit_circuit_python,
       author = "Circuit Python",
       title = "Adafruit Circuit Python --- Trabajo con sensores y actuadores en Python",
       year = "2023",
       url = "https://docs.circuitpython.org/en/latest/README.html",
       note = "[Internet]"
}

@misc{ wiki:git,
       author = "Atlassian",
       title = "Git --- Sistema de control de versiones",
       year = "2023",
       url = "https://www.atlassian.com/es/git/tutorials/what-is-git",
       note = "[Internet]"
}

@misc{ wiki:github,
       author = "GitHub",
       title = "GitHub --- Repositorio con control de versiones Git",
       year = "2023",
       url = "https://docs.github.com/es",
       note = "[Internet]"
}

@misc{ wiki:vscode,
       author = "Microsoft",
       title = "vSCode --- IDE ligero y potente",
       year = "2023",
       url = "https://code.visualstudio.com/docs",
       note = "[Internet]"
}

@misc{ wiki:ssh,
       author = "Hostinger",
       title = "SSH --- Ejecución remota de Shell segura",
       year = "2023",
       url = "https://www.hostinger.es/tutoriales/que-es-ssh",
       note = "[Internet]"
}

@misc{ wiki:ssh_configuracion,
       author = "Jhordyess",
       title = "Configuración de SSH en Raspberry para desarrollo remoto desde VSCode",
       year = "2023",
       url = "https://blog.jhordyess.com/programacion-remota-en-raspberry-pi-con-ssh-y-visual-studio-code",
       note = "[Internet]"
}


@misc{ wiki:flutter_flow,
       author = "Flutter Flow",
       title = "Flutter Flow --- Generador de código Flutter de aplicaciones móviles basado en diseño gráfico",
       year = "2023",
       url = "https://docs.flutterflow.io/",
       note = "[Internet]"
}

@misc{ wiki:cryptography,
    author = "cryptography.io",
    title = "Changelog cryptongraphy",
    year = "2023",
    url = "https://cryptography.io/en/latest/changelog/",
    note = "[Internet]"
}

@misc{ doc:mcp3008,
    author = "Circuit Python",
    title = "Documentación de uso de MCP3008",
    year = "2023",
    url = "https://github.com/adafruit/Adafruit_CircuitPython_MCP3xxx",
    note = "[Internet]"
}

@misc{ wiki:mcp3008,
    author = "Raspberry EA7TB",
    title = "Explicación de conexión y funcionamiento de MCP3008",
    year = "2023",
    url = "http://raspberry.ea7tb.com/2017/01/15/mcp3008/",
    note = "[Internet]"
}

@misc{ doc:dht11,
    author = "Circuit Python",
    title = "Documentación de uso de DHT11",
    year = "2023",
    url = "https://github.com/adafruit/Adafruit_CircuitPython_DHT",
    note = "[Internet]"
}

@misc{ wiki:dht11,
    author = "Raspberry EA7TB",
    title = "Explicación de conexión y funcionamiento de DHT11",
    year = "2023",
    url = "https://www.internetdelascosas.cl/2017/05/19/raspberry-pi-conectando-un-sensor-de-temperatura-y-humedad-dht11/",
    note = "[Internet]"
}


@misc{ ,
       author = "",
       title = "",
       year = "2023",
       url = "",
       note = "[Internet]"
}