@misc{wiki:bash,
       author = "Wikipedia",
       title = "Bash --- Intérprete de comandos Linux",
       year = "2023",
       url = "https://es.wikipedia.org/wiki/Python",
       note = "[Internet; descargado 30-septiembre-2015]"
}

@misc{wiki:python,
       author = "Wikipedia",
       title = "Python --- Lenguaje de programación de alto nivel",
       year = "2023",
       url = "https://es.wikipedia.org/wiki/Python",
       note = "[Internet; descargado 30-septiembre-2015]"
}

@misc{wiki:sqlalchemy,
       author = "SQLAlchemy",
       title = "SQLAlchemy --- Sistema gestor de base de datos para Python",
       year = "2023",
       url = "https://www.sqlalchemy.org/",
       note = "[Internet]"
}

@misc{wiki:openapi,
       author = "OpenApi",
       title = "OpenApi --- Swager de Api-Rest para python",
       year = "2023",
       url = "https://swagger.io/specification/",
       note = "[Internet]"
}


@book{koza92,
		author    = "Koza, John R.",
		title     = "Genetic Programming: On the Programming of Computers by Means of Natural Selection",
		publisher = "MIT Press",
		year      = "1992"
}


@misc{ wiki:latex,
       author = "Wikipedia",
       title = "LaTeX --- Wikipedia{,} La enciclopedia libre",
       year = "2015",
       url = "https://es.wikipedia.org/w/index.php?title=LaTeX&oldid=84209252",
       note = "[Internet; descargado 30-septiembre-2015]"
}


@article{bortolot2005,
  title={Estimating forest biomass using small footprint LiDAR data: An individual tree-based approach that incorporates training data},
  author={Bortolot, Zachary J and Wynne, Randolph H},
  journal={ISPRS Journal of Photogrammetry and Remote Sensing},
  volume={59},
  number={6},
  pages={342--360},
  year={2005},
  publisher={Elsevier}
}

